<record><leader>00000cas a2200000 a 4500</leader><controlfield tag="001">36037073</controlfield><controlfield tag="008">961205c199u9999flubr ne      0    0eng c</controlfield><datafield ind1=" " ind2=" " tag="010"><subfield code="a">sn 96027717 </subfield></datafield><datafield ind1=" " ind2=" " tag="040"><subfield code="a">FUG</subfield><subfield code="b">eng</subfield><subfield code="c">FUG</subfield><subfield code="d">OCLCQ</subfield><subfield code="d">OCLCF</subfield><subfield code="d">OCLCO</subfield></datafield><datafield ind1="1" ind2=" " tag="029"><subfield code="a">AU@</subfield><subfield code="b">000012970983</subfield></datafield><datafield ind1=" " ind2=" " tag="037"><subfield code="b">PO Box 35500, Sarasota, FL 34242</subfield><subfield code="c">$24.00</subfield></datafield><datafield ind1=" " ind2=" " tag="042"><subfield code="a">pcc</subfield></datafield><datafield ind1=" " ind2=" " tag="043"><subfield code="a">n-us-fl</subfield></datafield><datafield ind1="0" ind2="0" tag="245"><subfield code="a">Sarasota eco report.</subfield></datafield><datafield ind1="1" ind2="3" tag="246"><subfield code="a">Sarasota/Florida eco report</subfield></datafield><datafield ind1=" " ind2=" " tag="260"><subfield code="a">Sarasota, FL :</subfield><subfield code="b">Sarasota Environmental Report</subfield></datafield><datafield ind1=" " ind2=" " tag="300"><subfield code="a">v. :</subfield><subfield code="b">ill. ;</subfield><subfield code="c">44 cm.</subfield></datafield><datafield ind1=" " ind2=" " tag="310"><subfield code="a">Bimonthly</subfield></datafield><datafield ind1=" " ind2=" " tag="500"><subfield code="a">"Local, national, global, health &amp; envorinmental news."</subfield></datafield><datafield ind1=" " ind2=" " tag="588"><subfield code="a">Description based on: Vol. 6, no. 10,11 (Oct./Nov. 1996).</subfield></datafield><datafield ind1=" " ind2="0" tag="650"><subfield code="a">Environmentalism</subfield><subfield code="z">Florida</subfield><subfield code="v">Newspapers.</subfield></datafield><datafield ind1=" " ind2="0" tag="650"><subfield code="a">Health</subfield><subfield code="v">Newspapers.</subfield></datafield><datafield ind1=" " ind2="0" tag="651"><subfield code="a">Sarasota (Fla.)</subfield><subfield code="v">Newspapers.</subfield></datafield><datafield ind1=" " ind2="0" tag="651"><subfield code="a">Sarasota County (Fla.)</subfield><subfield code="v">Newspapers.</subfield></datafield><datafield ind1=" " ind2="7" tag="655"><subfield code="a">Newspapers.</subfield><subfield code="2">fast</subfield><subfield code="0">(OCoLC)fst01423814</subfield></datafield><datafield ind1=" " ind2="7" tag="650"><subfield code="a">Environmentalism.</subfield><subfield code="2">fast</subfield><subfield code="0">(OCoLC)fst00913543</subfield></datafield><datafield ind1=" " ind2="7" tag="650"><subfield code="a">Health.</subfield><subfield code="2">fast</subfield><subfield code="0">(OCoLC)fst00952743</subfield></datafield><datafield ind1=" " ind2="7" tag="651"><subfield code="a">Florida.</subfield><subfield code="2">fast</subfield><subfield code="0">(OCoLC)fst01205150</subfield></datafield><datafield ind1=" " ind2="7" tag="651"><subfield code="a">Florida</subfield><subfield code="z">Sarasota.</subfield><subfield code="2">fast</subfield><subfield code="0">(OCoLC)fst01207248</subfield></datafield><datafield ind1=" " ind2="7" tag="651"><subfield code="a">Florida</subfield><subfield code="z">Sarasota County.</subfield><subfield code="2">fast</subfield><subfield code="0">(OCoLC)fst01214943</subfield></datafield><datafield ind1=" " ind2=" " tag="752"><subfield code="a">United States</subfield><subfield code="b">Florida</subfield><subfield code="c">Sarasota</subfield><subfield code="d">Sarasota.</subfield></datafield></record>